<?xml version="1.0" encoding="UTF-8"?><collection xmlns="http://www.loc.gov/MARC21/slim"><record><leader>00476nam--2200145-i-4500</leader><controlfield tag="001">000011014</controlfield><controlfield tag="002">20161230</controlfield><controlfield tag="005">20161230201029</controlfield><controlfield tag="008">060222s1000------------r-----000-0-eng-d</controlfield><datafield ind1=" " ind2=" " tag="080"><subfield code="a">539.12.162.8(047.1)</subfield></datafield><datafield ind1=" " ind2=" " tag="100"><subfield code="a">Boggild, H. /S.A.</subfield></datafield><datafield ind1=" " ind2=" " tag="245"><subfield code="a">Some examples of associated charged particle multiplicities in proton-proton collisions at 19 gev/c</subfield></datafield><datafield ind1=" " ind2=" " tag="260"><subfield code="a">Copenhagen, The Niels Bohr Inst.University Of Copenhagen, 1973. 7 P. + 3 P. Fig</subfield></datafield><datafield ind1=" " ind2=" " tag="490"><subfield code="a">Nbi-he</subfield></datafield><datafield ind1=" " ind2=" " tag="852"><subfield code="a">40621</subfield></datafield></record></collection>